 @misc{ wiki:ramsey2021,
   author = "{Wikipedia contributors}",
   title = "Ramsey theory --- {W}ikipedia{,} The Free Encyclopedia",
   year = "2021",
   howpublished = "\url{https://en.wikipedia.org/wiki/Ramsey_theory}",
   note = "[Online; accessed 12-28-21]"
 }

@misc{Makarenkov2017,
	author        = {Oleg Makarenkov},
	title         = {Stability and Bifurcations of Switched Systems},
	year          = {2017},
	howpublished 		  = {\url{https://personal.utdallas.edu/~makarenkov/notes_switched_systems.pdf}}
}