 @misc{ wiki:ramsey2021,
   author = "{Wikipedia contributors}",
   title = "Ramsey theory --- {W}ikipedia{,} The Free Encyclopedia",
   year = "2021",
   howpublished = "\url{https://en.wikipedia.org/wiki/Ramsey_theory}",
   note = "[Online; accessed 12-28-21]"
 }

@misc{Makarenkov2017,
	author        = {Oleg Makarenkov},
	title         = {Stability and Bifurcations of Switched Systems},
	year          = {2017},
	howpublished 		  = {\url{https://personal.utdallas.edu/~makarenkov/notes_switched_systems.pdf}}
}

@book{HoggMcKeanCraig2019,
  title={Introduction to mathematical statistics},
  author={Hogg, Robert V and McKean, Joseph W and Craig, Allen T},
  year={2019},
  edition={Eighth},
  publisher={Pearson Education}
}

@misc{durrett2019,
  title={Probability: theory and examples},
  author={Durrett, Rick},
  howpublished={\url{https://services.math.duke.edu/~rtd/PTE/PTE5_011119.pdf}},
  year={2019}
}

@misc{tao2015,
title={\href{https://terrytao.wordpress.com/2015/09/29/275a-notes-0-foundations-of-probability-theory/}{275A, Notes 0: Foundations of probability theory}},
author={Tao, Terence},
year={2015}
}

@misc{tao2009,
title={\href{https://terrytao.wordpress.com/2009/01/12/245b-notes-1-the-stone-and-loomis-sikorski-representation-theorems-optional/}{245B notes 4: The Stone and Loomis-Sikorski representation theorems (optional)}},
author={Tao, Terence},
year={2009}
}

@misc{siegrist2021,
title={\href{https://randomservices.org/random/index.html}{Probability, Mathematical Statistics, Stochastic Processes}},
author={Siegrist, Kyle},
year={1997 -- 2021}
}