 @misc{ wiki:ramsey2021,
   author = "{Wikipedia contributors}",
   title = "Ramsey theory --- {W}ikipedia{,} The Free Encyclopedia",
   year = "2021",
   howpublished = "\url{https://en.wikipedia.org/wiki/Ramsey_theory}",
   note = "[Online; accessed 12-28-21]"
 }